<record><leader>00000cas a2200000 a 4500</leader><controlfield tag="001">26043381</controlfield><controlfield tag="008">920618d19911992oruir n       0    0eng c</controlfield><datafield ind1=" " ind2=" " tag="010"><subfield code="a">sn 00063707 </subfield></datafield><datafield ind1=" " ind2=" " tag="040"><subfield code="a">ORY</subfield><subfield code="b">eng</subfield><subfield code="c">ORY</subfield><subfield code="d">OCN</subfield><subfield code="d">OCLCQ</subfield><subfield code="d">OCLCO</subfield></datafield><datafield ind1="1" ind2=" " tag="029"><subfield code="a">AU@</subfield><subfield code="b">000022417216</subfield></datafield><datafield ind1=" " ind2=" " tag="042"><subfield code="a">pcc</subfield></datafield><datafield ind1=" " ind2=" " tag="043"><subfield code="a">n-us-or</subfield></datafield><datafield ind1="0" ind2="0" tag="245"><subfield code="a">Oregon City enterprise courier.</subfield></datafield><datafield ind1="1" ind2="3" tag="246"><subfield code="a">Enterprise courier</subfield></datafield><datafield ind1=" " ind2=" " tag="260"><subfield code="a">Oregon City, Or. :</subfield><subfield code="b">Enterprise Courier, Inc.,</subfield><subfield code="c">1991-1992.</subfield></datafield><datafield ind1=" " ind2=" " tag="300"><subfield code="a">v.</subfield></datafield><datafield ind1=" " ind2=" " tag="310"><subfield code="a">Three times a week</subfield></datafield><datafield ind1="0" ind2=" " tag="362"><subfield code="a">Vol. 139, issue 88 (May. 8, 1991)-v. 140, issue 42 (Apr. 8, 1992).</subfield></datafield><datafield ind1=" " ind2=" " tag="515"><subfield code="a">Sunday issues also called "Weekend edition."</subfield></datafield><datafield ind1=" " ind2=" " tag="530"><subfield code="a">Also avialable on microfilm from University of Oregon.</subfield></datafield><datafield ind1=" " ind2="0" tag="651"><subfield code="a">Oregon City</subfield><subfield code="v">Newspapers.</subfield></datafield><datafield ind1=" " ind2="0" tag="651"><subfield code="a">Clackamas County (Or.)</subfield><subfield code="v">Newspapers.</subfield></datafield><datafield ind1=" " ind2=" " tag="752"><subfield code="a">United States</subfield><subfield code="b">Oregon</subfield><subfield code="c">Clackamas</subfield><subfield code="d">Oregon City.</subfield></datafield><datafield ind1="0" ind2="0" tag="780"><subfield code="t">Daily enterprise courier</subfield><subfield code="w">(DLC)sn 00063706</subfield></datafield></record>